@misc{greek,
  title     = {The Greek Alphabet},
  url       = {https://web.mit.edu/jmorzins/www/greek-alphabet.html},
  publisher = {MIT},
  author    = {Jacob Morzinski}
}