@book{linalg,
  author    = {K.Hoffmann and R.Kunze},
  title     = {Linear Algebra},
  publisher = {Prentice-Hall},
  edition   = {2},
  year      = {1971}
}

@article{cite2,
  author          = {V.Pan},
  title           = {Optimal and nearly optimal algorithms for approximating polynomial zeros},
  journal         = {Computers \& Mathematics with Applications},
  volume          = {31},
  number          = {12},
  year            = {1996}
}